ISA*00*          *00*          *ZZ*REMITDEMO      *ZZ*PROVIDER       *260711*1200*^*00501*000000001*0*P*>~GS*HP*REMITDEMO*PROVIDER*20260711*1200*1*X*005010X221~ST*835*0001~BPR*I*300.00*C*ACH~TRN*1*TRACE-0002~CLP*CLM-2001*PAID*300.00*300.00*0.00~SVC*PROC-A*300.00*300.00~CLP*CLM-2002*DENY*420.00*0.00*0.00~SVC*PROC-B*420.00*0.00~DRC*DR-DOC-MISSING*supporting note not attached~CLP*CLM-2003*DENY*260.00*0.00*0.00~SVC*PROC-C*260.00*0.00~DRC*DR-CODE-INVALID*service code mismatch~SE*12*0001~GE*1*1~IEA*1*000000001~