ISA*00*          *00*          *ZZ*REMITDEMO      *ZZ*PROVIDER       *260711*1200*^*00501*000000001*0*P*>~GS*HP*REMITDEMO*PROVIDER*20260711*1200*1*X*005010X221~ST*835*0001~BPR*I*0.00*C*ACH~TRN*1*TRACE-0004~CLP*CLM-4001*DENY*615.00*0.00*0.00~DRC*DR-AUTH-ABSENT*no prior auth on file~SVC*PROC-E*615.00*0.00~SE*7*0001~GE*1*1~IEA*1*000000001~