ISA*00*          *00*          *ZZ*REMITDEMO      *ZZ*PROVIDER       *260711*1200*^*00501*000000001*0*P*>~GS*HP*REMITDEMO*PROVIDER*20260711*1200*1*X*005010X221~ST*835*0001~BPR*I*0.00*C*ACH~TRN*1*TRACE-0006~CLP*CLM-6001*DENY*340.00*0.00*0.00~DRC*DR-COORD-BENEFITS*other payer primary~SVC*PROC-G*340.00*0.00~CLP*CLM-6002*DENY*295.00*0.00*0.00~DRC*DR-ELIG-LAPSED*eligibility data stale~SVC*PROC-H*295.00*0.00~SE*10*0001~GE*1*1~IEA*1*000000001~