ISA*00*          *00*          *ZZ*REMITDEMO      *ZZ*PROVIDER       *260711*1200*^*00501*000000001*0*P*>~GS*HP*REMITDEMO*PROVIDER*20260711*1200*1*X*005010X221~ST*835*0001~BPR*I*500.00*C*ACH~TRN*1*TRACE-0001~CLP*CLM-1001*PAID*500.00*500.00*0.00~SVC*PROC-A*500.00*500.00~SE*6*0001~GE*1*1~IEA*1*000000001~