ISA*00*          *00*          *ZZ*REMITDEMO      *ZZ*PROVIDER       *260711*1200*^*00501*000000001*0*P*>~GS*HP*REMITDEMO*PROVIDER*20260711*1200*1*X*005010X221~ST*835*0001~BPR*I*180.00*C*ACH~TRN*1*TRACE-0003~CLP*CLM-3001*PART*450.00*180.00*0.00~SVC*PROC-A*180.00*180.00~SVC*PROC-D*270.00*0.00~DRC*DR-DOC-MISSING*line-level documentation absent~SE*8*0001~GE*1*1~IEA*1*000000001~